<?xml version="1.0" encoding="UTF-8"?><collection xmlns="http://www.loc.gov/MARC21/slim"><record><leader>00528nam--2200181-u-4500</leader><controlfield tag="001">000056823</controlfield><controlfield tag="002">20191031</controlfield><controlfield tag="005">20191031043229</controlfield><controlfield tag="008">191031s1000------------r-----000-0-eng-d</controlfield><datafield ind1=" " ind2=" " tag="041"><subfield code="a">eng</subfield></datafield><datafield ind1="1" ind2=" " tag="100"><subfield code="a">Trache, Livius</subfield></datafield><datafield ind1="1" ind2="0" tag="245"><subfield code="a">EXOTIC NUCLEI AND NUCLEAR/PARTICLE ASTROPHYSICS (VII)</subfield><subfield code="c">LIVIUS TRACHE, ALEXANDRA SPIRIDON (EDS.)</subfield></datafield><datafield ind1=" " ind2=" " tag="260"><subfield code="a">MELVILLE</subfield><subfield code="b">AIP PUBLISHING</subfield><subfield code="c">2019</subfield></datafield><datafield ind1=" " ind2=" " tag="300"><subfield code="a">PAG. DIF</subfield></datafield><datafield ind1=" " ind2=" " tag="500"><subfield code="a">DONATIE GHEORGHE DINESCU</subfield></datafield><datafield ind1="1" ind2=" " tag="700"><subfield code="a">SPIRIDON, ALEXANDRA</subfield></datafield><datafield ind1=" " ind2=" " tag="852"><subfield code="a">82787</subfield><subfield code="c">061.3</subfield></datafield><datafield ind1=" " ind2=" " tag="CAT"><subfield code="a">SYS</subfield><subfield code="c">20191031</subfield><subfield code="h">043229</subfield></datafield></record></collection>